@article{zhou10, 
author = {D. King and C. J. Ras and S. Zhou},
title = {The ${L}(h, 1, 1)$-labelling problem for trees},
journal = {European Journal of Combinatorics},
volume = {31},
year = {2010},
pages = {1295--1306},
}

@article{griggs92, 
author = {J. R. Griggs and R. K. Yeh},
title = {Labelling Graphs with a Condition at Distance 2},
journal = {Siam Journal on Discrete Mathematics},
volume = {5},
year = {1992},
pages = {586--595},
}

@article{chang00, 
author = {G. J. Chang and W. Ke and D. Kuo and D. D. Liu and R. K. Yeh},
title = {On ${L}(d, 1)$-labelings of graphs},
journal = {Discrete Mathematics},
volume = {220},
year = {2000},
pages = {57--66},
}

@phdthesis{yeh90, 
author = {R. K. Yeh}, 
title = {Labelling graphs with a condition at distance two}, 
school = {Department of Mathematics, University of South Carolina}, 
year = {1990}
} 


@article{georges95, 
author = {J. Georges and D. W. Mauro},
title = {Generalized vertex labellings with a condition at distance two},
journal = {Congr. Numer.},
volume = {109},
year = {1995},
pages = {141-159},
}



@techreport{wegner97,
    author    = {G. Wegner},
    title     = {Graphs with given diameter and a coloring problem},
    institution = {University of Dortmund},
    address = {Dortmund}, 
    year      = {1997},
}


@article{molloy05, 
author = {M. Molloy and M. R. Salavatipour},
title = {A bound on the chromatic number of the square of a planar graph},
journal = {Journal of Combinatorial Theory},
volume = {94},
year = {2005},
pages = {189--213}
}

@phdthesis{jonas93, 
author = {T. K. Jonas},
title = {Graph coloring analogues with a condition at distance two: ${L}(2, 1)$-labellings and list $\lambda$-labellings},
year = {1993},
school = {University of South Carolina}
address = {Columbia}
}

@article{van03,
  title={Coloring the square of a planar graph},
  author={J. V. Heuvel  and S. McGuinness},
  journal={Journal of Graph Theory},
  volume={42},
  number={2},
  pages={110--124},
  year={2003},
  publisher={Wiley Online Library}
}


@inproceedings{agnarsson04,
  title={On colorings of squares of outerplanar graphs},
  author={Agnarsson, G. and Halld{\'o}rsson, M.M.},
  booktitle={Proceedings of the fifteenth annual ACM-SIAM symposium on Discrete algorithms},
  pages={244--253},
  year={2004},
  organization={Society for Industrial and Applied Mathematics}
}


@article{calamoneri04,
  title={${L}(h, 1)$-labeling subclasses of planar graphs},
  author={Calamoneri, T. and Petreschi, R.},
  journal={Journal of Parallel and Distributed Computing},
  volume={64},
  number={3},
  pages={414--426},
  year={2004},
  publisher={Elsevier}
}


@article{bodlaender04,
  title={Approximations for $\lambda$-colorings of graphs},
  author={Bodlaender, H.L. and Kloks, T. and Tan, R.B. and Van Leeuwen, J.},
  journal={The Computer Journal},
  volume={47},
  number={2},
  pages={193},
  year={2004},
  publisher={Br Computer Soc}
}

@article{calamoneri07,
  title={${L}(h, 1,1)$-labeling of outerplanar graphs},
  author={Calamoneri, T. and Fusco, E. G. and Tan, R. B. and Vocca, P.},
  year={2008},
  publisher={Springer-Verlag Berlin}
}


@article{liu05, 
author = {D. D. Liu and X. Zhu},
title = {Circular Distance Two Labeling and the $\lambda$-Number for Outerplanar Graphs},
journal = {Siam Journal on Discrete Mathematics},
volume = {19},
year = {2005},
pages = {281--293},
}

@book{diestel00,
  title={Graph theory, Graduate Texts in Mathematics},
  author={Diestel, R.},
  year={2000},
  publisher={Springer-Verlag, New York}
}


@article{zhou11, 
author = {X. Li and S. Zhou},
title = {${L}(2, 1)$-labelling of outer planar graphs with maximum degree $3$},
year = {preprint},
}