@inproceedings{amir2001efficient,
  title={{Efficient approximation for triangulation of minimum treewidth}},
  author={Amir, E.},
  booktitle={Proceedings of the Seventeenth Annual Conference on Uncertainty in Artificial Intelligence},
  pages={7--15},
  year={2001},
  organization={Morgan Kaufmann Publishers Inc.}
}

@inproceedings{andersen1989hugin,
  title={{HUGIN-A Shell for Building Bayesian Belief Universes for Expert Systems}},
  author={Andersen, S. K. and Olesen, K. G. and Jensen, F. V. and Jensen, F.},
  booktitle={Proceedings of the Eleventh International Joint Conference on Artificial Intelligence},
  volume={2},
  pages={1080--1085},
  year={1989},
  organization={Morgan Kaufmann Publishers Inc.}
}

@article{arnborg1987complexity,
  title={{Complexity of finding embeddings in ak-tree}},
  author={Arnborg, S. and Corneil, D. G. and Proskurowski, A.},
  journal={SIAM Journal on Algebraic Discrete Methods},
  volume={8},
  number={2},
  pages={277--284},
  year={1987},
  publisher={SIAM}
}

@article{de2002partial,
  title={{Partial abductive inference in Bayesian belief networks-an evolutionary computation approach by using problem-specific genetic operators}},
  author={de Campos, L. M. and Gamez, J. A. and Moral, S.},
  journal={IEEE Transactions on Evolutionary Computation},
  volume={6},
  number={2},
  pages={105--131},
  year={2002},
  publisher={IEEE}
}

@incollection{flores2007review,
  title={{A review on distinct methods and approaches to perform triangulation for Bayesian networks}},
  author={Flores, M. J. and G{\'a}mez, J. A.},
  booktitle={Advances in Probabilistic Graphical Models},
  pages={127--152},
  year={2007},
  publisher={Springer}
}

@book{garey2002computers,
  title={{Computers and intractability}},
  author={Garey, M. R. and Johnson, D. S.},
  publisher={W.H. Freeman, San Francisco, CA},
  year={1979}
}

@article{heggernes2006minimal,
  title={{Minimal triangulations of graphs: A survey}},
  author={Heggernes, P.},
  journal={Discrete Mathematics},
  volume={306},
  number={3},
  pages={297--317},
  year={2006},
  publisher={Elsevier}
}

@article{kjaerulff1990triangulation,
  title={{Triangulation of graphs--algorithms giving small total state space}},
  author={Kj{\ae}rulff, U.},
  year={1990},
  publisher={Citeseer}
}

@article{li2017extended,
  title={{An extended depth-first search algorithm for optimal triangulation of Bayesian networks}},
  author={Li, C. and Ueno, M.},
  journal={International Journal of Approximate Reasoning},
  volume={80},
  pages={294--312},
  year={2017},
  publisher={Elsevier}
}

@article{larranaga1997decomposing,
  title={{Decomposing Bayesian networks: triangulation of the moral graph with genetic algorithms}},
  author={Larra{\~n}aga, P. and Kuijpers, C. M. H. and Poza, M. and Murga, R. H.},
  journal={Statistics and Computing},
  volume={7},
  number={1},
  pages={19--34},
  year={1997},
  publisher={Springer}
}

@article{lauritzen1988local,
  title={{Local computations with probabilities on graphical structures and their application to expert systems}},
  author={Lauritzen, S. L. and Spiegelhalter, D. J.},
  journal={Journal of the Royal Statistical Society. Series B (Methodological)},
  pages={157--224},
  year={1988},
  publisher={JSTOR}
}

@article{ottosen2012all,
  title={{All roads lead to Romeâ€”New search methods for the optimal triangulation problem}},
  author={Ottosen, T. J. and Vomlel, J.},
  journal={International Journal of Approximate Reasoning},
  volume={53},
  number={9},
  pages={1350--1366},
  year={2012},
  publisher={Elsevier}
}

@inproceedings{wen1990optimal,
  title={{Optimal decomposition of belief networks}},
  author={Wen, W. X.},
  booktitle={Proceedings of the Sixth Annual Conference on Uncertainty in Artificial Intelligence},
  pages={209--224},
  year={1990},
  organization={Elsevier Science Inc.}
}


@article{yannakakis1981computing,
  title={{Computing the minimum fill-in is NP-complete}},
  author={Yannakakis, M.},
  journal={SIAM Journal on Algebraic Discrete Methods},
  volume={2},
  number={1},
  pages={77--79},
  year={1981},
  publisher={SIAM}
}